@Manual{example,
    title = {example referance},
    author = {Firstname Lastname},
    year = {1900},
}